% článok
@article{Czarnecki:Staged,
    author = "Singh, Kunal and Singh, Ajay Vikram and Khatri, Sunil Kumar and Som, Subhranil",
    title = "Artificial Intelligence Based Path Finding and Decision Making in First Person Shooting Game",
    year = "2019",
    pages = "168-171",
}

%odkaz na webe
@misc{PLP-Framework,
	author = "Singh, Kunal and Singh, Ajay Vikram and Khatri, Sunil Kumar and Som, Subhrani",
	title = "Artificial Intelligence Based Path Finding and Decision Making in First Person Shooting Game",
	howpublished = "\url{https://ieeexplore.ieee.org/document/9036471/authors#authors}",
}

%odkaz na webe
@misc{PacmanAI,
	author = "Chad Birch",
	title = "Understanding Pac-Man Ghost Behavior",
	howpublished = "\url{https://gameinternals.com/understanding-pac-man-ghost-behavior}",

}
%odkaz na webe
@misc{AlienIsolationAI,
	author = "Tommy Thompson",
	title = "The Perfect Organism: The AI of Alien: Isolation",
	howpublished = "\url{https://www.gamedeveloper.com/design/the-perfect-organism-the-ai-of-alien-isolation}",
}

%odkaz na webe
@misc{CMI,
	author = "A. M. Turing",
	title = "Computing Machinery and Intelligence",
	howpublished = "\url{https://redirect.cs.umbc.edu/courses/471/papers/turing.pdf}",
}

%odkaz na webe
@misc{HAI,
	author = "Rockwell Anyoha",
	title = "The History of Artificial Intelligence",
	howpublished = "\url{https://sitn.hms.harvard.edu/flash/2017/history-artificial-intelligence}",
}

%odkaz na webe
@misc{obr2,
	author = "Rockwell Anyoha",
	title = "The History of Artificial Intelligence",
	howpublished = "\url{https://upload.wikimedia.org/wikipedia/commons/thumb/f/f6/NimGame.svg}",
}

@misc
	{obrAT, 
	title={Alan Turing}, 
	howpublished="\url{https://www.britannica.com/biography/Alan-Turing}", 
	journal={Encyclopædia Britannica}, 
	publisher={Encyclopædia Britannica, inc.}
} 

@misc{Nim, 
	title={Nim}, 
	howpublished="\url{https://en.wikipedia.org/wiki/Nim}", 
	journal={Wikipedia}, 
	publisher={Wikimedia Foundation}, 
} 

@misc{AlienI, 
	title={Votrelec}, 
	howpublished="\url{https://www.theguardian.com/technology/2014/oct/03/alien-isolation-review-giger-game-ridley-scott}",
} 

@misc{Aalgo, 
	title={Path finding algorithm}, 
	howpublished="\url{http://theory.stanford.edu/~amitp/GameProgramming/AStarComparison.html}",
} 